<?xml version="1.0" encoding="UTF-8"?><collection xmlns="http://www.loc.gov/MARC21/slim"><record><leader>00339nam--2200121-i-4500</leader><controlfield tag="001">000025231</controlfield><controlfield tag="002">20161230</controlfield><controlfield tag="005">20161230201035</controlfield><controlfield tag="008">060222s1000------------r-----000-0-eng-d</controlfield><datafield ind1=" " ind2=" " tag="100"><subfield code="a">Heyrovsky, Jaroslav And Kuta, Jaroslav</subfield></datafield><datafield ind1=" " ind2=" " tag="245"><subfield code="a">Principles of polarography</subfield></datafield><datafield ind1=" " ind2=" " tag="260"><subfield code="a">Praque, Czechoslovak Academy Of Sciences, 1965, 581 P</subfield></datafield><datafield ind1=" " ind2=" " tag="852"><subfield code="a">22901</subfield></datafield></record></collection>